<collection xmlns="http://www.loc.gov/MARC21/slim">
<record>
  <leader>01313nam0a22002651i 450 </leader>
  <controlfield tag="001">IT\ICCU\CNCE\065504</controlfield>
  <controlfield tag="005">20081009000000.0</controlfield>
  <datafield tag="012" ind1=" " ind2=" ">
    <subfield code="a">vtpi i-os i,s. EtVt (3) 1578 (A)</subfield>
    <subfield code="2">fei</subfield>
  </datafield>
  <datafield tag="100" ind1=" " ind2=" ">
    <subfield code="a">20060726d1578        0itac0103    ba</subfield>
  </datafield>
  <datafield tag="101" ind1=" " ind2=" ">
    <subfield code="a">LAT</subfield>
  </datafield>
  <datafield tag="102" ind1=" " ind2=" ">
    <subfield code="a">IT</subfield>
  </datafield>
  <datafield tag="200" ind1="1" ind2=" ">
    <subfield code="a">Carminum lib. otto Venantii Honorii Fortunati; et per Iacob Saluatorem Solanium Murgitanum quanta fieri potuit diligentia emendati. His accesserunt eiusdem Fortunati de vita S. Martini libri quattuor</subfield>
  </datafield>
  <datafield tag="210" ind1=" " ind2=" ">
    <subfield code="a">Venetiis</subfield>
    <subfield code="c">apud haeredes Iacobi Simbenii</subfield>
    <subfield code="d">1578</subfield>
  </datafield>
  <datafield tag="215" ind1=" " ind2=" ">
    <subfield code="a">\24!, 220 \ma 320! p.</subfield>
    <subfield code="d">12ʻ</subfield>
  </datafield>
  <datafield tag="300" ind1=" " ind2=" ">
    <subfield code="a">vedi 31578</subfield>
  </datafield>
  <datafield tag="620" ind1=" " ind2=" ">
    <subfield code="a">IT</subfield>
    <subfield code="d">Venezia</subfield>
  </datafield>
  <datafield tag="700" ind1=" " ind2="0">
    <subfield code="a">Venantius Fortunatus</subfield>
    <subfield code="c"> &lt;santo&gt;</subfield>
    <subfield code="3">IT\ICCU\CNCA\002243</subfield>
  </datafield>
  <datafield tag="702" ind1=" " ind2="1">
    <subfield code="a">Solanus,</subfield>
    <subfield code="b">Jacobus Salvator</subfield>
    <subfield code="3">IT\ICCU\CNCA\009305</subfield>
  </datafield>
  <datafield tag="712" ind1="0" ind2="0">
    <subfield code="a">Simbeni, Giacomo - eredi</subfield>
    <subfield code="3">IT\ICCU\CNCT\000972</subfield>
    <subfield code="4">650</subfield>
  </datafield>
  <datafield tag="790" ind1=" " ind2="1">
    <subfield code="a">Fortunatus,</subfield>
    <subfield code="b">Venantius Honorius Clementianus</subfield>
    <subfield code="3">IT\ICCU\CNCA\002788</subfield>
    <subfield code="z">Venantius Fortunatus &lt;santo&gt;</subfield>
  </datafield>
  <datafield tag="790" ind1=" " ind2="0">
    <subfield code="a">Venanzio Fortunato</subfield>
    <subfield code="3">IT\ICCU\CNCA\019028</subfield>
    <subfield code="z">Venantius Fortunatus &lt;santo&gt;</subfield>
  </datafield>
  <datafield tag="790" ind1=" " ind2="1">
    <subfield code="a">Solanus,</subfield>
    <subfield code="b">Iacobus Salvator</subfield>
    <subfield code="3">IT\ICCU\CNCA\024404</subfield>
    <subfield code="z">Solanus, Jacobus Salvator</subfield>
  </datafield>
  <datafield tag="801" ind1=" " ind2="3">
    <subfield code="a">IT</subfield>
    <subfield code="b">ICCU</subfield>
    <subfield code="c">20201115</subfield>
  </datafield>
  <datafield tag="899" ind1=" " ind2=" ">
    <subfield code="a">Biblioteca Oliveriana. Pesaro</subfield>
    <subfield code="1">PU0061</subfield>
    <subfield code="2">URB OL</subfield>
  </datafield>
  <datafield tag="899" ind1=" " ind2=" ">
    <subfield code="a">Biblioteca centrale dell&apos;Area umanistica dell&apos;Universit ̉degli studi di Urbino. Urbino</subfield>
    <subfield code="1">PU0206</subfield>
    <subfield code="2">URB AU</subfield>
  </datafield>
</record>
</collection>
